@inproceedings{Vollebregt:2012:DST:2427048.2427056,
 author = {Vollebregt, Tobi and Kats, Lennart C. L. and Visser, Eelco},
 title = {Declarative Specification of Template-based Textual Editors},
 booktitle = {Proceedings of the Twelfth Workshop on Language Descriptions, Tools, and Applications},
 series = {LDTA '12},
 year = {2012},
 isbn = {978-1-4503-1536-4},
 location = {Tallinn, Estonia},
 pages = {8:1--8:7},
 articleno = {8},
 numpages = {7},
 url = {http://doi.acm.org/10.1145/2427048.2427056},
 doi = {10.1145/2427048.2427056},
 acmid = {2427056},
 publisher = {ACM},
 address = {New York, NY, USA},
}
